<?xml version="1.0" encoding="UTF-8"?><record xmlns="http://www.loc.gov/MARC21/slim" xmlns:cinclude="http://apache.org/cocoon/include/1.0" xmlns:zs="http://www.loc.gov/zing/srw/">
  <leader>00869nz  a2200169n  4500</leader>
  <controlfield tag="001">nb2010022617</controlfield>
  <controlfield tag="003">DLC</controlfield>
  <controlfield tag="005">20100829074927.0</controlfield>
  <controlfield tag="008">100827n| acannaabn          |a ana      </controlfield>
  <datafield tag="010" ind1=" " ind2=" ">
    <subfield code="a">nb2010022617</subfield>
  </datafield>
  <datafield tag="035" ind1=" " ind2=" ">
    <subfield code="a">(Uk)007898542</subfield>
  </datafield>
  <datafield tag="040" ind1=" " ind2=" ">
    <subfield code="a">Uk</subfield>
    <subfield code="b">eng</subfield>
    <subfield code="c">Uk</subfield>
  </datafield>
  <datafield tag="110" ind1="2" ind2=" ">
    <subfield code="a">Standing Conference of Organisations concerned with West Indians in Britain</subfield>
  </datafield>
  <datafield tag="410" ind1="2" ind2=" ">
    <subfield code="a">West Indian Standing Conference</subfield>
  </datafield>
  <datafield tag="410" ind1="2" ind2=" ">
    <subfield code="a">WISC</subfield>
  </datafield>
  <datafield tag="670" ind1=" " ind2=" ">
    <subfield code="a">West Indies Touring Team v Sir Learie Constantine's XI, 1963:</subfield>
    <subfield code="b">p. [8] (Standing Conference of Organisations concerned with West Indians in Britain)</subfield>
  </datafield>
  <datafield tag="670" ind1=" " ind2=" ">
    <subfield code="a">LimeLight Magazine www site, 27 Aug. 2010:</subfield>
    <subfield code="b">West Indian Standing Conference (a group, exclusively concerned with the Caribbean communities in Britain. Founded in the aftermath of the Nottinghill white riots in 1958. An umbrella organization, WISC has had group as well as individual members)</subfield>
  </datafield>
</record>